2280 3886
1166 322 1430 373 -14-

361 469 686 505 sermonem
723 450 1022 522 vulgarem
1059 447 1532 504 intermiscuisse.
1571 449 1832 516 Diaconi,
1859 454 2083 524 patroni
2115 452 2225 520 sui,

362 554 551 608 Sancti
580 552 874 627 Stephani,
906 552 1210 627 epistulam
1242 555 1530 624 farseranl
1556 556 1590 608 ¹.
1622 554 1858 628 Legitur
1883 555 1943 610 in
1970 552 2227 614 'Suessioss

358 660 515 711 nemsi
550 658 684 713 Orci.
739 675 750 712 ε
795 680 818 706 «
863 656 1181 731 Epistulam
1225 656 1432 712 debent
1469 661 1698 712 cantare
1739 666 1854 713 tres
1898 658 2232 716 subdiaconi
2259 651 2267 701 ἕ

358 760 570 815 indutis
629 761 983 815 solemnibus
1046 759 1397 815 indumentis
1458 779 1469 815 ε
1528 764 1813 816 Entendez
1871 765 1974 818 tait
2030 783 2065 818 a
2126 773 2232 819 cest

357 883 569 920 selmon
604 867 639 917 ².
682 889 706 915 »
753 865 939 938 Atque
983 864 1142 920 Odon
1175 867 1239 917 cle
1282 865 1470 935 Sally,
1521 864 1865 921 Parisiensis
1903 866 2262 942 episcopus,

356 969 496 1024 haec
523 969 849 1043 plaecipit:
881 1001 952 1015 -.
983 991 1006 1018 «
1039 967 1298 1042 Epistula
1324 987 1452 1022 cum
1482 970 1671 1040 sarcia
1701 969 1918 1024 dicetur
1944 987 1989 1024 a
2004 969 2227 1027 duobus

356 1073 415 1127 in
443 1073 633 1147 cappis
655 1072 929 1127 seliceis³
986 1097 1010 1122 »
1032 1071 1186 1126 ——In
1214 1072 1341 1127 aliis
1365 1072 1707 1145 quibusdam
1728 1073 1909 1140 festis,
1933 1092 2064 1129 cum
2084 1074 2230 1130 cele·
2264 1062 2280 1134 i

355 1176 617 1231 braretur
651 1182 880 1230 sanctus
916 1176 1123 1248 aliquis
1161 1194 1329 1249 quem
1364 1175 1472 1229 sibi
1510 1183 1817 1249 patronum
1851 1175 2230 1232 adhibuerant
2268 1150 2280 1256 i

357 1279 701 1346 scholastici,
749 1279 1002 1352 ejusdem
1049 1279 1278 1351 generis
1322 1278 1597 1352 epistulae
1641 1279 1843 1335 eodem
1883 1279 1997 1336 ritu
2039 1258 2280 1341 canta-¹:
2279 1319 2280 1322 =

355 1383 581 1438 bantui.
623 1383 718 1438 Sic
763 1387 985 1438 exstant
1018 1383 1393 1456 Epiphaniae,
1432 1382 1611 1438 sancti
1645 1383 1884 1439 Joannis
1919 1384 2280 1459 Baptistae,

359 1487 708 1554 Nativitatis,
767 1486 1198 1554 Innocentium,
1251 1487 1428 1542 sancti
1470 1469 1779 1555 Thomae,
1807 1488 1988 1543 sancti
2030 1476 2225 1556 Blasii,
2260 1479 2280 1560 ξ

358 1591 536 1646 sancti
564 1592 606 1645 T
612 1590 823 1646 hibaldi
853 1594 1091 1663 sarcilae
1125 1594 1388 1663 epistulae
1418 1593 1455 1644 k.
1493 1591 1908 1647 Recentissime
1933 1592 1993 1646 in
2023 1592 2228 1647 Lemo·

354 1696 540 1751 vicina
592 1694 936 1751 bibliotheca
993 1695 1202 1769 reperit
1254 1694 1679 1750 eruditissimus
1727 1696 1816 1750 vir
1865 1696 1929 1751 L.
1993 1696 2226 1751 GUIBERT

358 1801 640 1863 Graduale
658 1799 942 1873 quoddam
964 1800 1438 1874 manuscriptum,
1458 1799 1517 1853 in
1539 1818 1673 1873 qUO,
1692 1799 1839 1855 inter
1857 1800 1990 1866 alia,
2009 1808 2224 1875 septem
2276 1796 2280 1860 f

357 1923 529 1979 opera
562 1904 786 1958 inerant
810 1903 1013 1977 gallico
1044 1904 1337 1978 latinoque
1365 1923 1628 1959 sermone
1654 1903 1859 1972 mixta3
1892 1923 2008 1959 non
2036 1905 2223 1959 solum
2268 1888 2269 1891 Ἴ

354 2010 533 2063 sancti
570 2009 854 2080 Stephani,
899 2009 1272 2087 Epiphaniae,
1325 2010 1505 2063 sancti
1551 2010 1788 2064 Joarmis
1829 1998 2118 2080 Baptistae
2167 2015 2223 2064 et

352 2114 770 2184 Assumpte'onis
795 2111 886 2166 hic
904 2112 1177 2184 legendae
1199 2117 1330 2174 sunt
1349 2111 1648 2186 epistulae,
1669 2112 1767 2167 sed
1787 2112 1959 2167 etiam
1978 2113 2222 2169 Sanctus

355 2221 407 2271 et
438 2218 641 2288 Agnus
669 2234 797 2270 cum
833 2215 1039 2288 gallica
1061 2218 1265 2287 sarcia.
1301 2217 1382 2271 De
1417 2216 1626 2290 quibus
1660 2216 1898 2289 longam
1935 2223 1989 2271 et
2025 2215 2221 2291 exqui-

355 2319 462 2374 sita
500 2319 737 2375 scientia
781 2318 1046 2374 refertam
1086 2319 1262 2374 edidit
1307 2320 1372 2373 L.
1418 2319 1650 2374 Gummi·
1690 2298 2153 2386 dissertationem
2179 2325 2219 2388 ⁵,
2277 2329 2280 2332 “

352 2443 523 2498 quam
558 2425 625 2478 P.
657 2419 848 2481 ΜΕΥΕΡι
880 2423 1001 2498 ipse
1036 2424 1330 2498 prooemio
1374 2423 1599 2479 ornavit
1624 2425 1661 2490 ⁶,
1701 2431 1756 2478 et
1791 2423 2224 2498 pretiosissimis

353 2527 834 2584 adnotationibus.
884 2528 1029 2583 Nam
1085 2529 1144 2582 in
1206 2528 1393 2583 lucem
1449 2527 1662 2602 profert
1708 2527 1898 2584 Sancti
1949 2527 2224 2602 Stephani
2264 2519 2280 2569 ’-

350 2636 583 2706 farcicas
607 2635 868 2704 epistulas
896 2633 954 2687 in
981 2634 1107 2707 plus
1136 2652 1306 2707 quam
1334 2632 1660 2707 quindecim
1690 2631 1979 2694 codicibus
2008 2631 2217 2700 inesse,

352 2757 380 2792 e
408 2736 814 2792 diversissimis
841 2737 1173 2810 regionibus
1201 2737 1357 2792 ortis.
1391 2720 1575 2804 Quod,
1608 2740 1671 2791 ut
1707 2735 1848 2790 mihi
1875 2732 2121 2802 videtur,
2153 2734 2221 2790 ad
2270 2744 2280 2785 Γ

350 2860 471 2896 rem
498 2845 757 2895 nostram
790 2840 1051 2914 pertinet,
1083 2860 1212 2895 cum
1248 2844 1515 2915 appareat
1554 2840 1729 2895 talem
1763 2858 1934 2895 usum
1968 2838 2220 2912 undique
2268 2845 2270 2847 ’

351 2943 409 2998 in
445 2943 919 2999 consuetudinem
953 2943 1244 2999 incidisse.
2192 2932 2194 2934 ’

404 3124 439 3161 1.
472 3121 519 3160 G.
544 3121 683 3169 Paris,
715 3121 979 3160 Licca-atum
998 3122 1225 3173 franc-aisis
1251 3133 1310 3161 (ιιι
1330 3134 1484 3173 moyen
1510 3121 1606 3174 aye,
1641 3121 1782 3171 Paris,
1812 3121 1929 3170 1890,
1955 3120 1976 3170 S
2005 3120 2092 3159 144.

402 3191 439 3228 2.
467 3190 517 3228 D.
540 3188 756 3237 Martene,
779 3189 840 3226 De
861 3189 1050 3240 antiqua
1078 3188 1294 3228 Ecclesiae
1325 3187 1578 3240 disciplina.

404 3251 441 3287 3.
470 3247 577 3286 Hisl.
609 3246 763 3295 lille‘r„
791 3248 904 3295 XIII,
927 3260 968 3297 Ι).
1001 3250 1088 3287 108.

402 3310 440 3346 4.
468 3307 530 3347 Cf.
559 3307 674 3346 Petit
699 3307 753 3345 de
777 3307 1018 3353 Julteville‚
1048 3307 1267 3356 Mysteres,
1291 3308 1323 3357 Ι,
1354 3310 1420 3356 46,
1448 3310 1552 3347 nota
1579 3310 1615 3348 1.

403 3369 439 3405 5.
467 3364 662 3404 Balletin
695 3365 938 3417 lzistorique
966 3368 1007 3405 el
1041 3366 1339 3419 philoloyique
1366 3368 1424 3407 da
1453 3366 1616 3406 Comite
1645 3366 1721 3405 des
1748 3366 1938 3405 travaux
1963 3362 2229 3415 historiques

351 3428 393 3466 et
421 3425 727 3476 see'entz’fiques,
757 3427 871 3472 1887,
903 3437 944 3475 p.
973 3428 1062 3466 323.

405 3487 443 3525 6.
471 3484 557 3534 Ia„
589 3484 667 3533 id„
698 3496 740 3534 p.
773 3487 862 3524 315.
