2280 3886
1131 360 1391 410 -13—

323 492 541 557 attinet,
572 523 644 530 —-
670 489 735 543 de
772 486 1111 561 quibusdam
1140 486 1349 540 sanctis
1377 483 1670 540 ridiculosi
1700 502 2014 539 sermones,
2041 483 2190 538 Jam-
2272 536 2280 542 .

323 595 536 649 dudum
579 610 702 647 mos
736 596 857 646 erat
898 589 1335 664 praecipuorum
1370 596 1694 643 sanctorum
1733 586 1955 660 vulgari
1997 587 2197 662 lingua
2269 598 2280 645 ἶ

320 703 377 752 et
402 696 660 752 versibus
691 694 938 750 scribere
963 693 1131 748 vitas,
1164 692 1343 759 Quae,
1375 692 1638 766 quamvis
1665 691 1733 746 ad
1762 710 1962 747 eorum
1995 690 2192 746 laudes
2268 677 2280 737 ἶ

319 798 676 856 extollendas
715 803 769 854 et
814 797 1026 854 eximia
1065 796 1406 872 proferenda
1448 795 1708 870 exempla
1757 800 1976 851 tantum
2021 793 2192 850 desti-

321 909 616 969 narentur,
653 921 770 957 non
804 901 948 956 tales
989 900 1091 956 tibi
1133 900 1491 974 effingendae
1527 905 1662 954 sunt
1686 899 1884 974 quales
1912 898 2059 974 apud
2086 916 2191 954 nos

319 1012 545 1064 exstant
587 1014 917 1081 praesentes
964 1004 1225 1078 ejusdem
1263 1003 1491 1078 generis
1538 1005 1710 1060 Vitae.
1748 1004 1889 1059 Nam
1938 1003 2196 1076 ingenua

318 1112 473 1167 illius
510 1110 707 1166 aetatis
751 1110 931 1185 pietas
975 1127 1371 1183 quaecumque
1406 1108 1497 1164 vel
1530 1107 1723 1183 inepta
1757 1113 1813 1163 et
1845 1107 2086 1163 ridicula
2125 1107 2192 1163 de

320 1235 435 1271 uno
463 1223 560 1270 aut
593 1214 768 1270 altero
805 1221 1000 1268 sancto
1036 1221 1410 1268 narrarentur
1436 1197 1679 1268 libenter
1708 1219 1762 1266 et
1792 1213 2016 1267 curiose
2050 1210 2196 1267 acci-

320 1319 536 1394 piebat;
575 1318 654 1374 ita
687 1326 750 1372 ut
783 1317 901 1372 fere
931 1317 989 1372 in
1025 1316 1293 1372 omnibus
1330 1324 1600 1391 appareat
1638 1316 1834 1371 nescio
1868 1334 2012 1390 quae
2049 1313 2195 1371 sacri

320 1431 375 1478 et
415 1422 640 1502 profani
679 1421 930 1477 mixtura
955 1424 989 1477 ¹.
1026 1421 1172 1476 Tum
1206 1420 1373 1476 faceti
1413 1420 1603 1476 clerici
1645 1420 1878 1495 quidam
1919 1420 2024 1476 hos
2062 1420 2193 1476 Ser-

319 1547 502 1582 mones
560 1526 736 1581 edunt
789 1546 799 1580 :
855 1527 1056 1582 Sainct
1110 1527 1365 1581 Bacchus
1400 1527 1436 1592 ²,
1488 1526 1688 1581 Sainct
1749 1527 1938 1593 Torta,
1971 1504 2195 1581 'Sainct

323 1634 580 1689 Gourdz'n
608 1634 644 1696 ³,
688 1632 888 1687 Sainct
940 1631 1143 1702 Oyson,
1189 1630 1395 1704 quibus
1438 1648 1554 1685 non
1595 1636 1816 1685 tantum
1857 1630 2192 1685 Sanctorum

319 1736 468 1791 vitas
494 1735 809 1803 imitantur,
841 1734 937 1789 sed
972 1734 1144 1790 etiam
1169 1736 1497 1789 Bestiarz‘os.
2019 1716 2022 1720 .

395 1835 551 1890 Inter
575 1835 704 1890 illas
729 1834 983 1900 facetiaS,
1006 1834 1150 1890 aliae
1171 1834 1362 1889 statim
1391 1834 1461 1889 ad
1481 1833 1769 1908 publicam
1797 1833 2191 1890 recitationem

322 1939 564 2013 scriptae
591 1942 741 2006 sunt,
773 1943 833 1993 ut
860 1937 1025 1994 ludos
1052 1937 1392 1994 clericorum
1427 1945 1482 1992 et
1516 1937 1991 1992 scholasticorum
2024 1956 2193 1993 orna-

320 2049 474 2108 rent3
507 2041 647 2096 alias
691 2050 880 2097 autem
932 2039 1276 2117 composuit
1306 2040 1548 2096 clericus
1605 2039 1814 2115 aliquis
1863 2040 2082 2096 facetus
2130 2049 2192 2097 ut

320 2146 501 2221 ipsius
529 2151 584 2202 et
609 2146 926 2202 amicorum
951 2153 1201 2201 mentem
1227 2150 1529 2213 recrearet,
1561 2162 1700 2219 quas
1727 2151 1925 2219 postea
1950 2144 2191 2201 clericus
2263 2134 2280 2203 ᾗ

320 2250 463 2307 alter
496 2258 595 2306 aut
621 2254 787 2324 poeta
813 2249 884 2305 ad
916 2268 1140 2305 scenam
1171 2249 1647 2305 accommodavit.
1679 2249 1857 2323 Cujus
1890 2248 1974 2304 rei
2000 2267 2192 2304 exem·

319 2353 478 2428 plum
536 2360 752 2408 certum
807 2352 1084 2409 habemns
1138 2352 1197 2408 in
1249 2352 1315 2407 de
1364 2355 1600 2412 Nemine
1647 2370 1933 2408 sermone.
1994 2352 2192 2430 Exstat
2259 2363 2268 2425 ζ

318 2457 474 2512 enim
523 2461 578 2511 et
624 2457 818 2512 Sermo
861 2459 1091 2528 jocosus
1140 2457 1237 2512 ille
1279 2457 1377 2532 qui
1433 2455 1764 2512 inscribitur
1814 2458 1914 2511 Les
1965 2451 2188 2513 Grands

316 2571 366 2615 ec
412 2560 780 2615 illerveilleuoe
825 2554 994 2632 faicls
1039 2564 1114 2615 du
1160 2563 1419 2633 seigneur
1463 2562 1659 2628 Nemo,
1704 2568 1759 2616 et
1806 2559 1968 2634 quasi
2015 2560 2188 2634 hujus
2222 2544 2244 2570 ‘¹

319 2663 602 2720 sermonis
646 2664 832 2738 jocosi
872 2664 1028 2739 prior
1066 2674 1122 2720 et
1169 2665 1364 2720 nativa
1409 2665 1612 2731 forma,
1670 2683 1841 2738 quam
1890 2663 2190 2719 ediderunt
2260 2735 2263 2738 ⁴

318 2769 691 2823 WATTENssAcu
727 2777 781 2823 et
815 2769 880 2825 P.
915 2769 1101 2826 MEYER
1128 2770 1163 2824 ⁴.
1204 2769 1339 2824 Sine
1369 2768 1562 2836 dubio,
1596 2769 1683 2827 sic
1717 2768 1902 2824 soluta
1928 2768 2186 2824 oratione

315 2871 509 2944 scripti
547 2872 711 2926 multi
752 2872 1002 2946 primum
1043 2880 1430 2947 apparuerunt
1467 2872 1653 2947 jocosi
1689 2890 2005 2938 sermones,
2039 2888 2184 2946 quos
2254 2887 2255 2890 ’

311 2975 488 3031 Stulta·
521 2975 725 3030 deinde
755 2977 1016 3032 versibus
1051 2978 1486 3033 mandaverunt.
1516 2977 1890 3032 WATTENBACH
1925 2976 2029 3032 hos
2065 2975 2183 3031 edi·
2241 2978 2246 2981 ’

313 3078 427 3134 dit:
456 3080 651 3136 Sermo
673 3098 767 3134 seu
792 3081 1086 3135 Dictamen
1113 3092 1305 3136 contra
1330 3083 1717 3137 abstinentiam
1743 3100 1837 3135 sea
1855 3082 2176 3153 jey'um'um3
2252 3152 2254 3154 ,

365 3344 400 3381 1.
423 3342 487 3382 Cs.
511 3343 556 3382 G.
582 3343 720 3391 Paris,
744 3345 852 3384 [list.
876 3345 930 3384 de
959 3344 1005 3385 la
1030 3345 1114 3385 litt.
1142 3347 1202 3398 fr.
1228 3358 1288 3385 au
1310 3358 1463 3398 moyen
1485 3347 1579 3398 dyc,
1606 3346 1627 3396 S
1656 3347 1744 3394 144,
1774 3347 1863 3392 146,
1893 3345 1981 3392 147,
2010 3343 2102 3382 149.

359 3403 396 3439 2.
426 3402 536 3441 Hisc.
563 3401 665 3449 lice..
696 3403 844 3452 XXIII,
865 3416 905 3454 p.
927 3406 1027 3454 4953
1049 3405 1312 3457 Joyeusete‘s,
1335 3406 1532 3457 face'ties‚
1554 3405 1695 3455 Paris,
1714 3404 1962 3449 Techener,
1985 3402 2131 3442 1829·3
2143 3401 2173 3440 t.
2250 3458 2252 3460 Υ

360 3462 398 3499 3.
425 3461 534 3500 Hist.
560 3460 665 3510 litt„
691 3462 840 3512 XXIII,
866 3475 908 3514 p.
932 3465 1022 3504 493.

358 3522 397 3557 4.
420 3520 691 3570 Montaiglon
718 3525 762 3562 et
783 3522 1062 3574 Rothschild,
1087 3536 1155 3575 op.
1183 3524 1274 3575 cit.‚
1303 3524 1375 3574 XI,
1398 3536 1440 3575 p.
1468 3526 1558 3565 313.

2270 1654 2280 1716 x-..a
2264 1507 2280 1641 Ass-Hffl..
2260 1241 2280 1491 -ssz-An-Ahi-A..
2278 1186 2280 1189 .
2268 1111 2280 1158 ;.<1.
2275 1078 2280 1090 ..
2272 987 2280 1027 ,rs
2276 909 2280 926 .„
