2280 3886
906 360 1167 410 —21—

100 508 231 546 cum
257 494 474 544 tantam
506 487 794 543 licentiam
822 487 881 542 in
910 488 1363 562 praedicatorum
1390 490 1672 559 eoeempl'a'S,
1697 487 1755 541 in
1784 489 1964 542 Mira-

99 596 260 659 culsz,
298 593 356 648 in
397 603 715 648 sanctorum
756 595 882 646 vitis
924 591 1306 657 inveniamuS,
1347 610 1460 646 non
1501 591 1776 646 miramur
1816 591 1968 665 quod

97 699 432 771 fabellarum
473 699 870 768 samariamque
911 695 1215 769 scriptores
1268 695 1521 750 maxima
1552 695 1828 750 libertate
1878 694 1967 749 usi

3 878 6 879 γ
97 801 231 857 sint.
270 801 422 855 Num
462 805 693 874 putares
728 805 782 854 te
817 799 874 853 in
917 798 1130 872 templo
1173 798 1504 853 auditurum
1544 817 1666 853 esse
1703 798 1968 853 fabellam

0 883 22 957 ι-γ
97 907 182 961 De
207 906 446 960 Mulier&
472 906 570 976 qui
593 906 864 975 festucam
891 905 1094 957 saltare
1120 921 1230 956 non
1256 904 1400 956 vult?
1429 910 1526 956 aut
1549 901 1706 956 illam
1740 923 1750 956 :
1785 925 1809 951 α
1842 902 1969 957 Cle-

97 1008 251 1065 ricus
285 1007 518 1080 quidam
554 1006 753 1062 habuit
786 1006 1092 1080 quamdam
1135 1004 1472 1071 caniculam,
1510 1024 1679 1079 quam
1721 1005 1967 1060 multum

0 1105 13 1182 ’ἦ
97 1111 388 1186 diligebat,
434 1120 489 1165 et
536 1129 748 1165 nomen
803 1110 855 1164 ei
899 1109 1173 1184 imposuit
1222 1110 1454 1176 Rosam,
1499 1117 1553 1163 et
1597 1127 1777 1163 unum
1825 1127 1968 1182 opus

0 1240 19 1291 :'
60 1229 65 1236 '
98 1215 206 1272 sibi
233 1214 447 1280 didicit,
477 1214 691 1269 scilicet
729 1213 1022 1268 ambulare
1050 1232 1221 1287 super
1247 1213 1419 1286 pedes
1454 1212 1834 1267 anterioresm
1873 1234 1898 1262 »
1921 1214 1968 1266 ¹⁶?

0 1306 12 1395 ’ξ
98 1320 230 1386 Sed,
281 1319 328 1373 si
373 1318 479 1386 vis,
518 1321 796 1390 Exempla
841 1317 1115 1391 Stephani
1163 1319 1227 1370 de
1277 1295 1540 1371 Bourbon
1584 1316 1802 1370 evolve.
1852 1315 1967 1370 Sub

0 1480 8 1505 ζ
97 1423 277 1478 titulis
311 1424 394 1477 De
428 1424 583 1476 beata
610 1423 802 1476 Maria
837 1421 1153 1495 (loti-140),
1185 1422 1267 1474 De
1302 1422 1620 1475 Tenlacione
1656 1420 1965 1492 (222224),

97 1529 180 1583 De
227 1528 460 1582 luxuria
511 1526 825 1598 (448-474),
871 1527 955 1579 De
1014 1526 1178 1580 Victis
1226 1526 1388 1594 ,qulcce
1435 1524 1743 1597 (wo-482),
1797 1541 1968 1595 quam

0 1623 11 1665 ⁵·
98 1630 279 1685 multa
319 1629 476 1703 leges
526 1647 671 1703 quae
721 1628 934 1683 nostris
980 1627 1333 1700 temporibus
1384 1627 1617 1681 omnino
1676 1633 1970 1698 respueret

0 1783 14 1803 ἰ,
97 1751 289 1789 sacrae
334 1732 694 1806 eloquentiae
741 1731 973 1786 tristitia
1020 1735 1076 1786 et
1119 1731 1397 1805 gravitas!
1440 1730 1600 1785 Adde
1651 1729 1801 1803 quod
1853 1748 1967 1783 non

0 1826 3 1827 ⁷
97 1837 274 1893 semel
308 1837 482 1891 totius
524 1836 805 1891 sermonis
845 1838 1021 1890 thema
1053 1843 1109 1889 et
1138 1840 1421 1889 structura
1455 1837 1528 1888 ad
1563 1836 1821 1905 jocosum
1853 1852 1967 1887 ser-

94 1959 311 2019 monem
359 1940 595 2014 propius
630 1939 867 1994 accedit.
917 1939 1059 1993 Nam
1102 1939 1382 2009 Aeyidz'zcs
1427 1939 1703 1995 Columna
1746 1936 1870 2011 (seu
1904 1939 1968 1991 de

94 2044 295 2117 Roma)
332 2043 559 2118 scripsit
591 2043 895 2118 quemdam
931 2061 1256 2113 sermonem
1280 2044 1365 2096 De
1397 2043 1557 2096 Arca
1582 2044 1699 2098 Noe
1724 2044 1760 2108 ²,
1796 2059 1966 2115 quem

0 2182 27 2207 ,ν
96 2147 338 2204 libenter
370 2155 600 2222 putares
634 2148 935 2202 ridiculam
969 2166 1094 2202 esse
1127 2146 1525 2201 imitationem.

108 2275 113 2280 “
171 2251 356 2319 Quid‘?
380 2270 573 2306 nonne
603 2251 776 2305 medii
811 2250 936 2305 aevi
971 2250 1390 2324 praedicatores
1425 2255 1479 2304 et
1511 2249 1622 2323 ipsi
1655 2249 1715 2303 in
1751 2267 1965 2304 sermo-

10 2345 16 2350 ’
97 2355 266 2411 nibus
324 2356 443 2410 suis
498 2358 739 2428 farciam
796 2356 1090 2410 fecerunt?
1145 2373 1337 2410 nonne
1392 2362 1605 2410 temere
1669 2359 1724 2409 et
1777 2354 1966 2428 inepte

99 2467 399 2534 utramque
435 2459 695 2533 linguam
752 2460 992 2514 miscere
1052 2458 1346 2514 solebant?
1407 2490 1480 2499 —
1538 2459 1705 2513 Haud.
1761 2458 1965 2531 ignoro
2034 2456 2039 2460 ’

0 2587 13 2597 ·
98 2563 166 2618 de
221 2563 322 2618 illa
387 2563 722 2637 quaestione
785 2562 1076 2636 disputare
1136 2562 1557 2618 eruditissimos
1612 2562 1803 2627 viros;
1872 2562 1969 2616 alii

22 2707 23 2711 ,
98 2667 252 2722 enim
308 2667 592 2722 affirmant
638 2685 934 2740 nunquam
991 2667 1410 2741 praedicatores
1458 2666 1557 2722 tali
1606 2667 1855 2721 mixtura
1910 2668 1967 2721 in

6 2796 13 2801 ,
98 2770 458 2826 sermonibus
499 2770 613 2825 illis
660 2789 804 2845 quos
855 2771 926 2826 ad
967 2772 1241 2845 populum
1285 2770 1598 2826 recitabant
1643 2788 1780 2826 usos
1820 2788 1963 2836 esse,

98 2873 198 2928 sed
236 2879 457 2929 tantum
497 2874 567 2929 ad
603 2874 925 2929 orationem
963 2875 1437 2948 praeparandam;
1482 2874 1580 2929 alii
1619 2874 1771 2930 haud
1804 2874 1971 2930 aliter

0 2996 10 3050 '3-
95 2977 327 3051 quidem
370 2978 625 3033 sentiunt
680 2979 746 3033 de
791 2979 1135 3053 quibusdam
1176 2978 1555 3046 sermonibuS,
1595 2983 1795 3052 putant
1835 2998 1968 3034 vero

0 3079 15 3161 ᾗ
100 3080 403 3156 plerosque
430 3101 633 3137 eorum
659 3101 774 3137 non
801 3088 950 3138 totos
978 3083 1198 3157 vulgari
1225 3083 1442 3157 lingua,
1466 3084 1566 3138 sed
1591 3101 1743 3141 nunc
1770 3083 1966 3146 latine,

101 3201 252 3239 nunc
276 3185 502 3258 gallice,
542 3191 603 3240 ut
636 3185 697 3240 in
732 3186 1023 3242 codicibus
1057 3192 1352 3262 apparent,
1388 3187 1964 3265 pronuntiatos'esse.

101 3286 329 3360 Optime
355 3293 532 3343 totam
560 3291 957 3363 quaestionem
989 3291 1238 3345 breviter
1270 3291 1600 3365 complexus
1627 3297 1712 3345 est
1743 3291 1812 3344 A.
1844 3291 1970 3346 Pn-

156 3458 193 3496 ι.
220 3457 330 3497 mse.
359 3457 464 3508 cicc„
487 3458 636 3510 xxx1,
660 3473 703 3511 p.
727 3464 798 3510 593
821 3484 872 3490 -
897 3462 952 3502 es.
976 3461 1125 3511 xxw,
1147 3464 1328 3503 363-382.

161 3518 201 3555 2.
229 3516 312 3567 Id„
339 3518 469 3570 xxx,
498 3531 541 3570 p.
569 3522 658 3560 501.
