2280 3886
939 370 1206 419 —77—

121 503 179 555 et
224 495 436 551 fabula.
473 495 728 569 Longius
771 495 1014 569 procede
1068 514 1079 551 :
1128 514 1270 570 quae
1310 515 1454 551 unus
1504 495 1710 551 histrio
1766 496 1990 571 agebat,

14 609 22 632 ²
121 600 272 656 inter
301 599 494 674 plures
522 599 966 654 distribuuntur.

197 704 364 769 Hunc
389 702 458 758 ad
478 698 834 758 comoediam
862 722 1195 778 processum
1222 702 1281 757 in
1318 704 1431 758 illis
1461 704 1822 778 poematibus
1849 723 1995 779 quae

55 803 56 806 ¹
98 806 515 877 inscribuntur
562 825 574 862 τ
616 810 846 864 Sermon
883 808 1127 878 Joyeuloe
1163 810 1228 861 de
1272 810 1417 861 leen
1470 810 1639 873 boire,
1692 841 1764 849 —-
1812 816 1867 863 et
1919 811 1995 863 Le

55 956 63 962 ,
123 910 472 969 Gaudisseur
502 921 550 965 et
580 913 627 964 le
653 911 755 966 Soc
792 910 1109 966 notandum
1145 911 1444 967 habemus
1480 911 1644 966 Multi
1680 913 1834 967 enim
1872 913 1999 968 fue-

122 1022 277 1080 runt,
320 1022 376 1069 et
430 1013 578 1069 inter
627 1014 986 1079 veterrimOS‚
1037 1015 1329 1070 Sermones
1371 1015 1439 1069 de
1483 1015 1859 1088 potatoribuS,
1901 1017 1997 1091 qui

123 1116 269 1174 nihil
309 1115 540 1191 quidem
578 1116 788 1172 scenici
821 1116 1170 1192 praebebant
1212 1117 1323 1172 nisi
1358 1117 1543 1191 ipsam
1578 1119 1993 1175 recitationem.

42 1243 61 1252 ·
122 1220 451 1277 Introducta
491 1227 684 1276 autem
726 1220 904 1276 altera
950 1240 1214 1296 persona,
1247 1222 1294 1276 si
1334 1223 1524 1276 Joeosz‘
1561 1226 1834 1277 sermonis
1875 1223 2000 1278 imi-

124 1329 278 1381 tatur
311 1323 398 1379 vis
438 1330 493 1379 et
517 1332 741 1390 natura,
777 1325 964 1398 magis
995 1333 1186 1380 tamen
1219 1325 1277 1379 in
1322 1327 1542 1382 theatro
1577 1327 1727 1381 valet
1760 1347 1993 1401 poema;

117 1432 241 1504 Jam
281 1429 537 1499 dialogus
568 1435 772 1494 exstat,
803 1435 857 1483 et
898 1429 1087 1483 vivida
1133 1429 1463 1517 disputatio.
1504 1429 1635 1487 Sed
1677 1449 1857 1504 coquo
1899 1431 1996 1487 illo

40 1522 76 1574 -Ῐ
127 1531 390 1606 adempto
435 1533 531 1606 qui
580 1532 1031 1607 praedicatorem
1080 1532 1172 1588 hic
1221 1541 1275 1587 et
1319 1533 1434 1588 illic
1480 1534 1767 1599 obturbat,
1806 1553 2000 1590 merus

31 1619 67 1679 ‘ss
126 1642 301 1690 restat
324 1637 556 1691 Joeosus
581 1655 784 1701 sermm
804 1635 885 1690 ita
909 1644 970 1690 ut
990 1635 1179 1709 reipsa
1206 1635 1524 1691 habeamus
1546 1656 1689 1711 opus
1718 1637 2001 1711 quoddam

125 1739 298 1815 quod,
346 1739 452 1795 sub
501 1739 600 1795 illa
634 1741 841 1809 forma,‘
860 1745 980 1814 jam
1024 1741 1313 1796 Sermonis
1363 1742 1502 1796 fines
1554 1761 1853 1815 egressum
1895 1747 1999 1808 est,

23 1848 54 1908 J
126 1843 282 1918 quod
327 1844 558 1918 quidem
594 1844 777 1899 farsae
827 1844 1060 1899 nomine
1109 1845 1204 1899 vix
1257 1845 1351 1899 sed
1406 1850 1527 1918 Jam
1589 1846 1832 1918 dignum
1881 1865 2005 1901 esse

126 1947 407 2004 videatur.
970 2018 972 2021 ξ

30 2030 43 2062 ³
112 2072 119 2077 “
203 2051 287 2107 De
306 2052 505 2118 altero,
535 2053 607 2106 Le
635 2052 982 2109 Gaudisseur
1006 2062 1053 2106 et
1080 2055 1125 2106 le
1149 2053 1270 2117 Sol,
1294 2053 1492 2108 eadem
1522 2054 1728 2109 dicam.
1752 2054 1998 2122 Etenim,

32 2147 49 2173 ³¹
128 2155 295 2231 plura
326 2155 575 2229 legimus
617 2155 925 2229 soliloquia
963 2155 1022 2209 in
1064 2156 1272 2230 quibus
1308 2175 1510 2212 amans
1545 2157 1774 2232 aliquis,
1811 2158 2003 2214 ⁴bellus

27 2253 75 2341 Ϊ
128 2264 188 2315 et
239 2259 495 2335 putidus,
555 2278 613 2315 se
676 2259 798 2334 ipse
862 2259 1128 2315 laudibus
1173 2262 1353 2328 effert,
1413 2267 1468 2316 et
1516 2262 1787 2336 >proprios
1839 2281 2004 2319 casus

43 2341 45 2346 ⁸
130 2364 535 2420 benevolenter
567 2370 812 2420 enarrat.
845 2365 1005 2432 Quod
1037 2364 1086 2419 si
1120 2373 1387 2440 appareat
1424 2367 1644 2422 Stultus
1680 2368 1776 2440 qui
1804 2372 2002 2441 jocose

127 2468 415 2525 contraria
477 2467 780 2524 contrariis
842 2473 1116 2543 opponat,
1178 2488 1295 2524 non
1360 2473 1479 2543 jam
1549 2475 1735 2526 exstat
1795 2472 2003 2528 Solito-

43 2623 50 2633 <
128 2575 346 2646 quium,
377 2573 600 2628 duobus
633 2573 989 2629 adstantibus
1015 2573 1296 2648 personiS‚
1327 2583 1384 2629 et
1414 2568 1580 2646 farsa
1607 2577 1770 2650 quasi
1804 2577 2005 2632 adum-

132 2676 347 2734 bratur.

205 2781 425 2856 Itaque,
469 2781 561 2836 vel
601 2780 926 2836 auctoribus
968 2782 1032 2836 E.
1072 2781 1231 2837 PlcoT
1269 2789 1324 2838 et
1360 2782 1522 2837 PEm
1562 2804 1628 2837 DE
1667 2784 2001 2854 ΙυιιΕνΙιιΕ,

131 2884 268 2940 talia
293 2890 558 2960 poemata
591 2904 774 2961 neque
801 2885 949 2954 inter
980 2886 1275 2941 Sermones
1303 2905 1487 2961 neque
1515 2887 1666 2941 inter
1691 2891 2006 2961 Soliloquia

55 3042 58 3044 ,
128 2989 567 3044 annumeranda
590 3008 715 3045 esse
750 2990 1037 3046 existimo,

208 3091 369 3148 Adde
403 3093 555 3167 quod
591 3094 899 3149 nonnullas
931 3094 1178 3168 legimus
1203 3096 1412 3165 farsam,
1446 3095 1564 3150 fere
1591 3095 1792 3151 eadem
1819 3097 2005 3152 forma

130 3195 382 3263 indutas,
410 3197 470 3251 in
519 3197 723 3271 quibus
772 3217 925 3269 nunc
979 3201 1136 3272 viget
1175 3197 1384 3272 prioris
1433 3199 1650 3255 formae
1695 3202 2006 3272 (Sermonis

34 3303 63 3365 ’χ
131 3299 352 3356 scilicet
393 3309 492 3356 aut
521 3302 846 3374 Soliloquz'i)
882 3302 1046 3377 quasi
1097 3306 1316 3357 secreta
1369 3302 1471 3357 vis.
1528 3303 1675 3371 Duo,
1710 3309 1857 3372 ·treS‚
1913 3306 2005 3360 vel

135 3402 327 3478 plures
364 3423 662 3478 personae,
691 3406 893 3472 fateor,
922 3398 1310 3481 proferuntur.
1341 3407 1467 3462 Non
1499 3408 1684 3462 solum
1713 3416 1903 3463 autem
1933 3410 2004 3464 ad

133 3507 412 3562 comicam
460 3527 650 3564 rerum
707 3510 976 3564 virtutem
1030 3510 1354 3583 augendam
1409 3511 1642 3566 inutiles
1701 3517 1854 3577 sunt,
1908 3511 2005 3568 sed
